@article{human2012structure,
  title={Structure, function and diversity of the healthy human microbiome},
  author={Human Microbiome Project Consortium and others},
  journal={Nature},
  volume={486},
  number={7402},
  pages={207--214},
  year={2012},
  publisher={Nature Publishing Group}
}
@article{shade2013streptomycin,
  title={Streptomycin application has no detectable effect on bacterial community structure in apple orchard soil},
  author={Shade, Ashley and Klimowicz, Amy K and Spear, Russell N and Linske, Matthew and Donato, Justin J and Hogan, Clifford S and McManus, Patricia S and Handelsman, Jo},
  journal={Applied and Environmental Microbiology},
  volume={79},
  number={21},
  pages={6617--6625},
  year={2013},
  publisher={Am Soc Microbiol}
}
@article{gilbert2012defining,
  title={Defining seasonal marine microbial community dynamics},
  author={Gilbert, Jack A and Steele, Joshua A and Caporaso, J Gregory and Steinbr{\"u}ck, Lars and Reeder, Jens and Temperton, Ben and Huse, Susan and McHardy, Alice C and Knight, Rob and Joint, Ian and others},
  journal={The ISME journal},
  volume={6},
  number={2},
  pages={298--308},
  year={2012},
  publisher={Nature Publishing Group}
}
@article{schloss2009introducing,
  title={Introducing mothur: open-source, platform-independent, community-supported software for describing and comparing microbial communities},
  author={Schloss, Patrick D and Westcott, Sarah L and Ryabin, Thomas and Hall, Justine R and Hartmann, Martin and Hollister, Emily B and Lesniewski, Ryan A and Oakley, Brian B and Parks, Donovan H and Robinson, Courtney J and others},
  journal={Applied and environmental microbiology},
  volume={75},
  number={23},
  pages={7537--7541},
  year={2009},
  publisher={Am Soc Microbiol}
}
@article{caporaso2010qiime,
  title={QIIME allows analysis of high-throughput community sequencing data},
  author={Caporaso, J Gregory and Kuczynski, Justin and Stombaugh, Jesse and Bittinger, Kyle and Bushman, Frederic D and Costello, Elizabeth K and Fierer, Noah and Pena, Antonio Gonzalez and Goodrich, Julia K and Gordon, Jeffrey I and others},
  journal={Nature methods},
  volume={7},
  number={5},
  pages={335--336},
  year={2010},
  publisher={Nature Publishing Group}
}
@article{edgar2010search,
  title={Search and clustering orders of magnitude faster than {BLAST}},
  author={Edgar, Robert C},
  journal={Bioinformatics},
  volume={26},
  number={19},
  pages={2460--2461},
  year={2010},
  publisher={Oxford Univ Press}
}
@article{sun2009esprit,
  title={ESPRIT: estimating species richness using large collections of 16S rRNA pyrosequences},
  author={Sun, Yijun and Cai, Yunpeng and Liu, Li and Yu, Fahong and Farrell, Michael L and McKendree, William and Farmerie, William},
  journal={Nucleic acids research},
  volume={37},
  number={10},
  pages={e76--e76},
  year={2009},
  publisher={Oxford Univ Press}
}
@article{10.7717/peerj.593,
 title = {Swarm: robust and fast clustering method for amplicon-based studies},
 author = {Mahé, Frédéric and Rognes, Torbjørn and Quince, Christopher and {de Vargas}, Colomban and Dunthorn, Micah},
 year = {2014},
 month = {9},
 keywords = {Environmental diversity, Barcoding, Molecular operational taxonomic units},
 volume = {2},
 pages = {e593},
 journal = {PeerJ},
 issn = {2167-8359},
 url = {http://dx.doi.org/10.7717/peerj.593},
 doi = {10.7717/peerj.593}
}
@article{schloss2011assessing,
  title={Assessing and improving methods used in operational taxonomic unit-based approaches for 16S rRNA gene sequence analysis},
  author={Schloss, Patrick D and Westcott, Sarah L},
  journal={Applied and Environmental Microbiology},
  volume={77},
  number={10},
  pages={3219--3226},
  year={2011},
  publisher={Am Soc Microbiol}
}
@article{navas2013advancing,
  title={Advancing our understanding of the human microbiome using QIIME},
  author={Navas-Molina, Jos{\'e} A and Peralta-S{\'a}nchez, Juan M and Gonz{\'a}lez, Antonio and McMurdie, Paul J and V{\'a}zquez-Baeza, Yoshiki and Xu, Zhenjiang and Ursell, Luke K and Lauber, Christian and Zhou, Hongwei and Song, Se Jin and others},
  journal={Methods Enzymol},
  volume={531},
  pages={371--444},
  year={2013}
}
@article{kozich2013development,
  title={Development of a dual-index sequencing strategy and curation pipeline for analyzing amplicon sequence data on the MiSeq Illumina sequencing platform},
  author={Kozich, James J and Westcott, Sarah L and Baxter, Nielson T and Highlander, Sarah K and Schloss, Patrick D},
  journal={Applied and environmental microbiology},
  volume={79},
  number={17},
  pages={5112--5120},
  year={2013},
  publisher={Am Soc Microbiol}
}
