@article{AlGhalith2016,
  doi = {10.1371/journal.pcbi.1004658},
  url = {http://dx.doi.org/10.1371/journal.pcbi.1004658},
  year  = {2016},
  month = {jan},
  publisher = {Public Library of Science ({PLoS})},
  volume = {12},
  number = {1},
  pages = {e1004658},
  author = {Gabriel A. Al-Ghalith and Emmanuel Montassier and Henry N. Ward and Dan Knights},
  editor = {Jonathan A. Eisen},
  title = {{NINJA}-{OPS}: Fast Accurate Marker Gene Alignment Using Concatenated Ribosomes},
  journal = {{PLOS} Computational Biology}
}

@article{Anderson2001,
  doi = {10.1111/j.1442-9993.2001.01070.pp.x},
  url = {http://dx.doi.org/10.1111/j.1442-9993.2001.01070.pp.x},
  year  = {2001},
  month = {feb},
  publisher = {Wiley-Blackwell},
  volume = {26},
  number = {1},
  pages = {32--46},
  author = {Marti J. Anderson},
  title = {A new method for non-parametric multivariate analysis of variance},
  journal = {Austral Ecology}
}

@article{Barriuso2011,
  doi = {10.1186/1471-2105-12-473},
  url = {http://dx.doi.org/10.1186/1471-2105-12-473},
  year  = {2011},
  publisher = {Springer Science $\mathplus$ Business Media},
  volume = {12},
  number = {1},
  pages = {473},
  author = {Jorge Barriuso and Jose R Valverde and Rafael P Mellado},
  title = {Estimation of bacterial diversity using next generation sequencing of 16S {rDNA}: a comparison of different workflows},
  journal = {{BMC} Bioinformatics}
}

@article{Bonder2012,
  doi = {10.1093/bioinformatics/bts552},
  url = {http://dx.doi.org/10.1093/bioinformatics/bts552},
  year  = {2012},
  month = {sep},
  publisher = {Oxford University Press ({OUP})},
  volume = {28},
  number = {22},
  pages = {2891--2897},
  author = {M. J. Bonder and S. Abeln and E. Zaura and B. W. Brandt},
  title = {Comparing clustering and pre-processing in taxonomy analysis},
  journal = {Bioinformatics}
}

@article{Cai2011,
  doi = {10.1093/nar/gkr349},
  url = {http://dx.doi.org/10.1093/nar/gkr349},
  year  = {2011},
  month = {may},
  publisher = {Oxford University Press ({OUP})},
  volume = {39},
  number = {14},
  pages = {e95--e95},
  author = {Y. Cai and Y. Sun},
  title = {{ESPRIT}-Tree: hierarchical clustering analysis of millions of 16S {rRNA} pyrosequences in quasilinear computational time},
  journal = {Nucleic Acids Research}
}

@article{Caporaso2010,
  doi = {10.1038/nmeth.f.303},
  url = {http://dx.doi.org/10.1038/nmeth.f.303},
  year  = {2010},
  month = {apr},
  publisher = {Nature Publishing Group},
  volume = {7},
  number = {5},
  pages = {335--336},
  author = {J Gregory Caporaso and Justin Kuczynski and Jesse Stombaugh and Kyle Bittinger and Frederic D Bushman and Elizabeth K Costello and Noah Fierer and Antonio Gonzalez Pe{\~{n}}a and Julia K Goodrich and Jeffrey I Gordon and Gavin A Huttley and Scott T Kelley and Dan Knights and Jeremy E Koenig and Ruth E Ley and Catherine A Lozupone and Daniel McDonald and Brian D Muegge and Meg Pirrung and Jens Reeder and Joel R Sevinsky and Peter J Turnbaugh and William A Walters and Jeremy Widmann and Tanya Yatsunenko and Jesse Zaneveld and Rob Knight},
  title = {{QIIME} allows analysis of high-throughput community sequencing data},
  journal = {Nature Methods}
}

@article{Chen2013,
  doi = {10.1371/journal.pone.0070837},
  url = {http://dx.doi.org/10.1371/journal.pone.0070837},
  year  = {2013},
  month = {aug},
  publisher = {Public Library of Science ({PLoS})},
  volume = {8},
  number = {8},
  pages = {e70837},
  author = {Wei Chen and Clarence K. Zhang and Yongmei Cheng and Shaowu Zhang and Hongyu Zhao},
  editor = {Maurizio Casiraghi},
  title = {A Comparison of Methods for Clustering 16S {rRNA} Sequences into {OTUs}},
  journal = {{PLoS} {ONE}}
}

@Book{eddelbuettel2013seamless,
  title = {Seamless {R} and {C++} Integration with {Rcpp}},
  author = {Dirk Eddelbuettel},
  publisher = {Springer},
  address = {New York},
  year = {2013},
  note = {ISBN 978-1-4614-6867-7},
}

@article{Edgar2010,
  doi = {10.1093/bioinformatics/btq461},
  url = {http://dx.doi.org/10.1093/bioinformatics/btq461},
  year  = {2010},
  month = {aug},
  publisher = {Oxford University Press ({OUP})},
  volume = {26},
  number = {19},
  pages = {2460--2461},
  author = {R. C. Edgar},
  title = {Search and clustering orders of magnitude faster than {BLAST}},
  journal = {Bioinformatics}
}

@article{Edgar2011,
  doi = {10.1093/bioinformatics/btr381},
  url = {http://dx.doi.org/10.1093/bioinformatics/btr381},
  year  = {2011},
  month = {jun},
  publisher = {Oxford University Press ({OUP})},
  volume = {27},
  number = {16},
  pages = {2194--2200},
  author = {R. C. Edgar and B. J. Haas and J. C. Clemente and C. Quince and R. Knight},
  title = {{UCHIME} improves sensitivity and speed of chimera detection},
  journal = {Bioinformatics}
}

@article{Edgar2013,
  doi = {10.1038/nmeth.2604},
  url = {http://dx.doi.org/10.1038/nmeth.2604},
  year  = {2013},
  month = {aug},
  publisher = {Nature Publishing Group},
  volume = {10},
  number = {10},
  pages = {996--998},
  author = {Robert C Edgar},
  title = {{UPARSE}: highly accurate {OTU} sequences from microbial amplicon reads},
  journal = {Nature Methods}
}

@article{Gilbert2011,
  doi = {10.1038/ismej.2011.107},
  url = {http://dx.doi.org/10.1038/ismej.2011.107},
  year  = {2011},
  month = {aug},
  publisher = {Nature Publishing Group},
  volume = {6},
  number = {2},
  pages = {298--308},
  author = {Jack A Gilbert and Joshua A Steele and J Gregory Caporaso and Lars Steinbr\"{u}ck and Jens Reeder and Ben Temperton and Susan Huse and Alice C McHardy and Rob Knight and Ian Joint and Paul Somerfield and Jed A Fuhrman and Dawn Field},
  title = {Defining seasonal marine microbial community dynamics},
  journal = {The {ISME} Journal}
}

@article{Hamady2009,
  doi = {10.1038/ismej.2009.97},
  url = {http://dx.doi.org/10.1038/ismej.2009.97},
  year  = {2009},
  month = {aug},
  publisher = {Nature Publishing Group},
  volume = {4},
  number = {1},
  pages = {17--27},
  author = {Micah Hamady and Catherine Lozupone and Rob Knight},
  title = {Fast {UniFrac}: facilitating high-throughput phylogenetic analyses of microbial communities including analysis of pyrosequencing and {PhyloChip} data},
  journal = {The {ISME} Journal}
}

@article{Huse2010,
  doi = {10.1111/j.1462-2920.2010.02193.x},
  url = {http://dx.doi.org/10.1111/j.1462-2920.2010.02193.x},
  year  = {2010},
  month = {mar},
  publisher = {Wiley-Blackwell},
  volume = {12},
  number = {7},
  pages = {1889--1898},
  author = {Susan M. Huse and David Mark Welch and Hilary G. Morrison and Mitchell L. Sogin},
  title = {Ironing out the wrinkles in the rare biosphere through improved {OTU} clustering},
  journal = {Environmental Microbiology}
}

@article{Huttenhower2012,
  doi = {10.1038/nature11234},
  url = {http://dx.doi.org/10.1038/nature11234},
  year  = {2012},
  month = {jun},
  publisher = {Nature Publishing Group},
  volume = {486},
  number = {7402},
  pages = {207--214},
  author = {Curtis Huttenhower and Dirk Gevers and Rob Knight and Sahar Abubucker and Jonathan H. Badger and Asif T. Chinwalla and Heather H. Creasy and Ashlee M. Earl and Michael G. FitzGerald and Robert S. Fulton and Michelle G. Giglio and Kymberlie Hallsworth-Pepin and Elizabeth A. Lobos and Ramana Madupu and Vincent Magrini and John C. Martin and Makedonka Mitreva and Donna M. Muzny and Erica J. Sodergren and James Versalovic and Aye M. Wollam and Kim C. Worley and Jennifer R. Wortman and Sarah K. Young and Qiandong Zeng and Kjersti M. Aagaard and Olukemi O. Abolude and Emma Allen-Vercoe and Eric J. Alm and Lucia Alvarado and Gary L. Andersen and Scott Anderson and Elizabeth Appelbaum and Harindra M. Arachchi and Gary Armitage and Cesar A. Arze and Tulin Ayvaz and Carl C. Baker and Lisa Begg and Tsegahiwot Belachew and Veena Bhonagiri and Monika Bihan and Martin J. Blaser and Toby Bloom and Vivien Bonazzi and J. Paul Brooks and Gregory A. Buck and Christian J. Buhay and Dana A. Busam and Joseph L. Campbell and Shane R. Canon and Brandi L. Cantarel and Patrick S. G. Chain and I-Min A. Chen and Lei Chen and Shaila Chhibba and Ken Chu and Dawn M. Ciulla and Jose C. Clemente and Sandra W. Clifton and Sean Conlan and Jonathan Crabtree and Mary A. Cutting and Noam J. Davidovics and Catherine C. Davis and Todd Z. DeSantis and Carolyn Deal and Kimberley D. Delehaunty and Floyd E. Dewhirst and Elena Deych and Yan Ding and David J. Dooling and Shannon P. Dugan and Wm Michael Dunne and A. Scott Durkin and Robert C. Edgar and Rachel L. Erlich and Candace N. Farmer and Ruth M. Farrell and Karoline Faust and Michael Feldgarden and Victor M. Felix and Sheila Fisher and Anthony A. Fodor and Larry J. Forney and Leslie Foster and Valentina Di Francesco and Jonathan Friedman and Dennis C. Friedrich and Catrina C. Fronick and Lucinda L. Fulton and Hongyu Gao and Nathalia Garcia and Georgia Giannoukos and Christina Giblin and Maria Y. Giovanni and Jonathan M. Goldberg and Johannes Goll and Antonio Gonzalez and Allison Griggs and Sharvari Gujja and Susan Kinder Haake and Brian J. Haas and Holli A. Hamilton and Emily L. Harris and Theresa A. Hepburn and Brandi Herter and Diane E. Hoffmann and Michael E. Holder and Clinton Howarth and Katherine H. Huang and Susan M. Huse and Jacques Izard and Janet K. Jansson and Huaiyang Jiang and Catherine Jordan and Vandita Joshi and James A. Katancik and Wendy A. Keitel and Scott T. Kelley and Cristyn Kells and Nicholas B. King and Dan Knights and Heidi H. Kong and Omry Koren and Sergey Koren and Karthik C. Kota and Christie L. Kovar and Nikos C. Kyrpides and Patricio S. La Rosa and Sandra L. Lee and Katherine P. Lemon and Niall Lennon and Cecil M. Lewis and Lora Lewis and Ruth E. Ley and Kelvin Li and Konstantinos Liolios and Bo Liu and Yue Liu and Chien-Chi Lo and Catherine A. Lozupone and R. Dwayne Lunsford and Tessa Madden and Anup A. Mahurkar and Peter J. Mannon and Elaine R. Mardis and Victor M. Markowitz and Konstantinos Mavromatis and Jamison M. McCorrison and Daniel McDonald and Jean McEwen and Amy L. McGuire and Pamela McInnes and Teena Mehta and Kathie A. Mihindukulasuriya and Jason R. Miller and Patrick J. Minx and Irene Newsham and Chad Nusbaum and Michelle O'Laughlin and Joshua Orvis and Ioanna Pagani and Krishna Palaniappan and Shital M. Patel and Matthew Pearson and Jane Peterson and Mircea Podar and Craig Pohl and Katherine S. Pollard and Mihai Pop and Margaret E. Priest and Lita M. Proctor and Xiang Qin and Jeroen Raes and Jacques Ravel and Jeffrey G. Reid and Mina Rho and Rosamond Rhodes and Kevin P. Riehle and Maria C. Rivera and Beltran Rodriguez-Mueller and Yu-Hui Rogers and Matthew C. Ross and Carsten Russ and Ravi K. Sanka and Pamela Sankar and J. Fah Sathirapongsasuti and Jeffery A. Schloss and Patrick D. Schloss and Thomas M. Schmidt and Matthew Scholz and Lynn Schriml and Alyxandria M. Schubert and Nicola Segata and Julia A. Segre and William D. Shannon and Richard R. Sharp and Thomas J. Sharpton and Narmada Shenoy and Nihar U. Sheth and Gina A. Simone and Indresh Singh and Christopher S. Smillie and Jack D. Sobel and Daniel D. Sommer and Paul Spicer and Granger G. Sutton and Sean M. Sykes and Diana G. Tabbaa and Mathangi Thiagarajan and Chad M. Tomlinson and Manolito Torralba and Todd J. Treangen and Rebecca M. Truty and Tatiana A. Vishnivetskaya and Jason Walker and Lu Wang and Zhengyuan Wang and Doyle V. Ward and Wesley Warren and Mark A. Watson and Christopher Wellington and Kris A. Wetterstrand and James R. White and Katarzyna Wilczek-Boney and YuanQing Wu and Kristine M. Wylie and Todd Wylie and Chandri Yandava and Liang Ye and Yuzhen Ye and Shibu Yooseph and Bonnie P. Youmans and Lan Zhang and Yanjiao Zhou and Yiming Zhu and Laurie Zoloth and Jeremy D. Zucker and Bruce W. Birren and Richard A. Gibbs and Sarah K. Highlander and Barbara A. Meth{\'{e}} and Karen E. Nelson and Joseph F. Petrosino and George M. Weinstock and Richard K. Wilson and Owen White},
  title = {Structure,  function and diversity of the healthy human microbiome},
  journal = {Nature}
}

@article{He2015,
  doi = {10.1186/s40168-015-0081-x},
  url = {http://dx.doi.org/10.1186/s40168-015-0081-x},
  year  = {2015},
  month = {may},
  publisher = {Springer Science $\mathplus$ Business Media},
  volume = {3},
  number = {1},
  author = {Yan He and J Gregory Caporaso and Xiao-Tao Jiang and Hua-Fang Sheng and Susan M Huse and Jai Ram Rideout and Robert C Edgar and Evguenia Kopylova and William A Walters and Rob Knight and Hong-Wei Zhou},
  title = {Stability of operational taxonomic units: an important but neglected property for analyzing microbial diversity},
  journal = {Microbiome}
}

@article{Kim2011,
  doi = {10.1016/j.mimet.2010.10.020},
  url = {http://dx.doi.org/10.1016/j.mimet.2010.10.020},
  year  = {2011},
  month = {jan},
  publisher = {Elsevier {BV}},
  volume = {84},
  number = {1},
  pages = {81--87},
  author = {Minseok Kim and Mark Morrison and Zhongtang Yu},
  title = {Evaluation of different partial 16S {rRNA} gene sequence regions for phylogenetic analysis of microbiomes},
  journal = {Journal of Microbiological Methods}
}

@article{Koeppel2013,
  doi = {10.1093/nar/gkt241},
  url = {http://dx.doi.org/10.1093/nar/gkt241},
  year  = {2013},
  month = {apr},
  publisher = {Oxford University Press ({OUP})},
  volume = {41},
  number = {10},
  pages = {5175--5188},
  author = {A. F. Koeppel and M. Wu},
  title = {Surprisingly extensive mixed phylogenetic and ecological signals among bacterial Operational Taxonomic Units},
  journal = {Nucleic Acids Research}
}

@article{Kopylova2016,
  doi = {10.1128/msystems.00003-15},
  url = {http://dx.doi.org/10.1128/mSystems.00003-15},
  year  = {2016},
  month = {feb},
  publisher = {American Society for Microbiology},
  volume = {1},
  number = {1},
  pages = {e00003--15},
  author = {Evguenia Kopylova and Jose A. Navas-Molina and C{\'{e}}line Mercier and Zhenjiang Zech Xu and Fr{\'{e}}d{\'{e}}ric Mah{\'{e}} and Yan He and Hong-Wei Zhou and Torbj{\o}rn Rognes and J. Gregory Caporaso and Rob Knight},
  editor = {Nicola Segata},
  title = {Open-Source Sequence Clustering Methods Improve the State Of the Art},
  journal = {{mSystems}}
}

@article{Kozich2013,
  doi = {10.1128/aem.01043-13},
  url = {http://dx.doi.org/10.1128/AEM.01043-13},
  year  = {2013},
  month = {jun},
  publisher = {American Society for Microbiology},
  volume = {79},
  number = {17},
  pages = {5112--5120},
  author = {J. J. Kozich and S. L. Westcott and N. T. Baxter and S. K. Highlander and P. D. Schloss},
  title = {Development of a Dual-Index Sequencing Strategy and Curation Pipeline for Analyzing Amplicon Sequence Data on the {MiSeq} {I}llumina Sequencing Platform},
  journal = {Applied and Environmental Microbiology}
}

@article{Langille2013,
  doi = {10.1038/nbt.2676},
  url = {http://dx.doi.org/10.1038/nbt.2676},
  year  = {2013},
  month = {aug},
  publisher = {Nature Publishing Group},
  volume = {31},
  number = {9},
  pages = {814--821},
  author = {Morgan G I Langille and Jesse Zaneveld and J Gregory Caporaso and Daniel McDonald and Dan Knights and Joshua A Reyes and Jose C Clemente and Deron E Burkepile and Rebecca L Vega Thurber and Rob Knight and Robert G Beiko and Curtis Huttenhower},
  title = {Predictive functional profiling of microbial communities using 16S {rRNA} marker gene sequences},
  journal = {Nat Biotechnol}
}

@data{language2015,
  title = {R: A Language and Environment for Statistical Computing},
  author = {{R Core Team}},
  organization = {R Foundation for Statistical Computing},
  address = {Vienna, Austria},
  year = {2015},
  URL = {https://www.R-project.org/},
}

@article{Mah2014,
  doi = {10.7717/peerj.593},
  url = {http://dx.doi.org/10.7717/peerj.593},
  year  = {2014},
  publisher = {{PeerJ}},
  volume = {2},
  pages = {e593},
  author = {Fr{\'{e}}d{\'{e}}ric Mah{\'{e}} and Torbj{\o}rn Rognes and Christopher Quince and Colomban de Vargas and Micah Dunthorn},
  title = {Swarm: robust and fast clustering method for amplicon-based studies},
  journal = {{PeerJ}}
}

@article{Mah2015,
  doi = {10.7717/peerj.1420},
  url = {http://dx.doi.org/10.7717/peerj.1420},
  year  = {2015},
  month = {dec},
  publisher = {{PeerJ}},
  volume = {3},
  pages = {e1420},
  author = {Fr{\'{e}}d{\'{e}}ric Mah{\'{e}} and Torbj{\o}rn Rognes and Christopher Quince and Colomban de Vargas and Micah Dunthorn},
  title = {Swarm v2: highly-scalable and high-resolution amplicon clustering},
  journal = {{PeerJ}}
}


@article{Matthews1975,
  doi = {10.1016/0005-2795(75)90109-9},
  url = {http://dx.doi.org/10.1016/0005-2795(75)90109-9},
  year  = {1975},
  month = {oct},
  publisher = {Elsevier {BV}},
  volume = {405},
  number = {2},
  pages = {442--451},
  author = {B.W. Matthews},
  title = {Comparison of the predicted and observed secondary structure of T4 phage lysozyme},
  journal = {Biochimica et Biophysica Acta ({BBA}) - Protein Structure}
}

@article{May2014,
  doi = {10.1093/bioinformatics/btu085},
  url = {http://dx.doi.org/10.1093/bioinformatics/btu085},
  year  = {2014},
  month = {feb},
  publisher = {Oxford University Press ({OUP})},
  volume = {30},
  number = {11},
  pages = {1530--1538},
  author = {A. May and S. Abeln and W. Crielaard and J. Heringa and B. W. Brandt},
  title = {Unraveling the outcome of 16S {rDNA}-based taxonomy analysis through mock data and simulations},
  journal = {Bioinformatics}
}

@incollection{NavasMolina2013,
  doi = {10.1016/b978-0-12-407863-5.00019-8},
  url = {http://dx.doi.org/10.1016/B978-0-12-407863-5.00019-8},
  year  = {2013},
  publisher = {Elsevier {BV}},
  pages = {371--444},
  author = {Jos{\'{e}} A. Navas-Molina and Juan M. Peralta-S{\'{a}}nchez and Antonio Gonz{\'{a}}lez and Paul J. McMurdie and Yoshiki V{\'{a}}zquez-Baeza and Zhenjiang Xu and Luke K. Ursell and Christian Lauber and Hongwei Zhou and Se Jin Song and James Huntley and Gail L. Ackermann and Donna Berg-Lyons and Susan Holmes and J. Gregory Caporaso and Rob Knight},
  title = {Advancing Our Understanding of the Human Microbiome Using {QIIME}},
  booktitle = {Methods in Enzymology}
}

@Article{ooms2014jsonlite,
  title = {The jsonlite Package: A Practical and Consistent Mapping Between {JSON} Data and {R} Objects},
  author = {Jeroen Ooms},
  journal = {arXiv:1403.2805 [stat.CO]},
  year = {2014},
  url = {http://arxiv.org/abs/1403.2805},
}

@article{Preheim2013,
  doi = {10.1128/aem.00342-13},
  url = {http://dx.doi.org/10.1128/AEM.00342-13},
  year  = {2013},
  month = {aug},
  publisher = {American Society for Microbiology},
  volume = {79},
  number = {21},
  pages = {6593--6603},
  author = {S. P. Preheim and A. R. Perrotta and A. M. Martin-Platero and A. Gupta and E. J. Alm},
  title = {Distribution-Based Clustering: Using Ecology To Refine the Operational Taxonomic Unit},
  journal = {Applied and Environmental Microbiology}
}

@article{Pruesse2007,
  doi = {10.1093/nar/gkm864},
  url = {http://dx.doi.org/10.1093/nar/gkm864},
  year  = {2007},
  month = {nov},
  publisher = {Oxford University Press ({OUP})},
  volume = {35},
  number = {21},
  pages = {7188--7196},
  author = {E. Pruesse and C. Quast and K. Knittel and B. M. Fuchs and W. Ludwig and J. Peplies and F. O. Glockner},
  title = {{SILVA}: a comprehensive online resource for quality checked and aligned ribosomal {RNA} sequence data compatible with {ARB}},
  journal = {Nucleic Acids Research}
}

@article{Rideout2014,
  doi = {10.7717/peerj.545},
  url = {http://dx.doi.org/10.7717/peerj.545},
  year  = {2014},
  publisher = {{PeerJ}},
  volume = {2},
  pages = {e545},
  author = {Jai Ram Rideout and Yan He and Jose A. Navas-Molina and William A. Walters and Luke K. Ursell and Sean M. Gibbons and John Chase and Daniel McDonald and Antonio Gonzalez and Adam Robbins-Pianka and Jose C. Clemente and Jack A. Gilbert and Susan M. Huse and Hong-Wei Zhou and Rob Knight and J. Gregory Caporaso},
  title = {Subsampled open-reference clustering creates consistent,  comprehensive {OTU} definitions and scales to billions of sequences},
  journal = {{PeerJ}}
}

@article{Roesch2007,
  doi = {10.1038/ismej.2007.53},
  url = {http://dx.doi.org/10.1038/ismej.2007.53},
  year  = {2007},
  month = {jul},
  publisher = {Nature Publishing Group},
  author = {Luiz F W Roesch and Roberta R Fulthorpe and Alberto Riva and George Casella and Alison K M Hadwin and Angela D Kent and Samira H Daroub and Flavio A O Camargo and William G Farmerie and Eric W Triplett},
  title = {Pyrosequencing enumerates and contrasts soil microbial diversity},
  journal = {The {ISME} Journal}
}

@data{Rognes2015,
  doi = {10.5281/zenodo.31443},
  url = {http://dx.doi.org/10.5281/zenodo.31443},
  author = {Torbjørn Rognes and Frédéric Mahé and Tomas Flouri and Daniel McDonald;},
  publisher = {Zenodo},
  title = {vsearch: VSEARCH 1.4.0},
  year = {2015}
}

@article{Schloss2009,
  doi = {10.1128/aem.01541-09},
  url = {http://dx.doi.org/10.1128/AEM.01541-09},
  year  = {2009},
  month = {oct},
  publisher = {American Society for Microbiology},
  volume = {75},
  number = {23},
  pages = {7537--7541},
  author = {P. D. Schloss and S. L. Westcott and T. Ryabin and J. R. Hall and M. Hartmann and E. B. Hollister and R. A. Lesniewski and B. B. Oakley and D. H. Parks and C. J. Robinson and J. W. Sahl and B. Stres and G. G. Thallinger and D. J. Van Horn and C. F. Weber},
  title = {Introducing mothur: Open-Source,  Platform-Independent,  Community-Supported Software for Describing and Comparing Microbial Communities},
  journal = {Applied and Environmental Microbiology}
}

@article{Schloss2010,
  doi = {10.1371/journal.pcbi.1000844},
  url = {http://dx.doi.org/10.1371/journal.pcbi.1000844},
  year  = {2010},
  month = {jul},
  publisher = {Public Library of Science ({PLoS})},
  volume = {6},
  number = {7},
  pages = {e1000844},
  author = {Patrick D. Schloss},
  editor = {Jonathan A. Eisen},
  title = {The Effects of Alignment Quality,  Distance Calculation Method,  Sequence Filtering,  and Region on the Analysis of 16S {rRNA} Gene-Based Studies},
  journal = {{PLoS} Comput Biol}
}

@article{Schloss2011Assessing,
  doi = {10.1128/aem.02810-10},
  url = {http://dx.doi.org/10.1128/AEM.02810-10},
  year  = {2011},
  month = {mar},
  publisher = {American Society for Microbiology},
  volume = {77},
  number = {10},
  pages = {3219--3226},
  author = {P. D. Schloss and S. L. Westcott},
  title = {Assessing and Improving Methods Used in Operational Taxonomic Unit-Based Approaches for 16S {rRNA} Gene Sequence Analysis},
  journal = {Applied and Environmental Microbiology}
}

@article{Schloss2011Reducing,
  doi = {10.1371/journal.pone.0027310},
  url = {http://dx.doi.org/10.1371/journal.pone.0027310},
  year  = {2011},
  month = {dec},
  publisher = {Public Library of Science ({PLoS})},
  volume = {6},
  number = {12},
  pages = {e27310},
  author = {Patrick D. Schloss and Dirk Gevers and Sarah L. Westcott},
  editor = {Jack Anthony Gilbert},
  title = {Reducing the Effects of {PCR} Amplification and Sequencing Artifacts on 16S {rRNA}-Based Studies},
  journal = {{PLoS} {ONE}}
}

@article{Schloss2012Stabilization,
  doi = {10.4161/gmic.21008},
  url = {http://dx.doi.org/10.4161/gmic.21008},
  year  = {2012},
  month = {jul},
  publisher = {Informa {UK} Limited},
  volume = {3},
  number = {4},
  pages = {383--393},
  author = {Patrick D. Schloss and Alyxandria M. Schubert and Joseph P. Zackular and Kathryn D. Iverson and Vincent B. Young and Joseph F. Petrosino},
  title = {Stabilization of the murine gut microbiome following weaning},
  journal = {Gut Microbes}
}

@article{Schloss2012Secondary,
  doi = {10.1038/ismej.2012.102},
  url = {http://dx.doi.org/10.1038/ismej.2012.102},
  year  = {2012},
  month = {sep},
  publisher = {Nature Publishing Group},
  volume = {7},
  number = {3},
  pages = {457--460},
  author = {Patrick D Schloss},
  title = {Secondary structure improves {OTU} assignments of 16S {rRNA} gene sequences},
  journal = {The {ISME} Journal}
}

@article{Schmidt2014Limits,
  doi = {10.1111/1462-2920.12610},
  url = {http://dx.doi.org/10.1111/1462-2920.12610},
  year  = {2014},
  month = {sep},
  publisher = {Wiley-Blackwell},
  volume = {17},
  number = {5},
  pages = {1689--1706},
  author = {Thomas S. B. Schmidt and Jo{\~{a}}o F. Matias Rodrigues and Christian von Mering},
  title = {Limits to robustness and reproducibility in the demarcation of operational taxonomic units},
  journal = {Environ Microbiol}
}

@article{Schmidt2014Ecological,
  doi = {10.1371/journal.pcbi.1003594},
  url = {http://dx.doi.org/10.1371/journal.pcbi.1003594},
  year  = {2014},
  month = {apr},
  publisher = {Public Library of Science ({PLoS})},
  volume = {10},
  number = {4},
  pages = {e1003594},
  author = {Thomas S. B. Schmidt and Jo{\~{a}}o F. Matias Rodrigues and Christian von Mering},
  editor = {Jonathan A. Eisen},
  title = {Ecological Consistency of {SSU} {rRNA}-Based Operational Taxonomic Units at a Global Scale},
  journal = {{PLoS} Comput Biol}
}

@article{Schubert2015,
  doi = {10.1128/mbio.00974-15},
  url = {http://dx.doi.org/10.1128/mBio.00974-15},
  year  = {2015},
  month = {jul},
  publisher = {American Society for Microbiology},
  volume = {6},
  number = {4},
  pages = {e00974--15},
  author = {Alyxandria M. Schubert and Hamide Sinani and Patrick D. Schloss},
  title = { Antibiotic-Induced Alterations of the Murine Gut Microbiota and Subsequent Effects on Colonization Resistance against *Clostridium difficile* },
  journal = {{mBio}}
}

@article{Shade2013,
  doi = {10.1128/aem.02017-13},
  url = {http://dx.doi.org/10.1128/AEM.02017-13},
  year  = {2013},
  month = {aug},
  publisher = {American Society for Microbiology},
  volume = {79},
  number = {21},
  pages = {6617--6625},
  author = {A. Shade and A. K. Klimowicz and R. N. Spear and M. Linske and J. J. Donato and C. S. Hogan and P. S. McManus and J. Handelsman},
  title = {Streptomycin Application Has No Detectable Effect on Bacterial Community Structure in Apple Orchard Soil},
  journal = {Applied and Environmental Microbiology}
}

@article{Sun2009,
  doi = {10.1093/nar/gkp285},
  url = {http://dx.doi.org/10.1093/nar/gkp285},
  year  = {2009},
  month = {may},
  publisher = {Oxford University Press ({OUP})},
  volume = {37},
  number = {10},
  pages = {e76--e76},
  author = {Y. Sun and Y. Cai and L. Liu and F. Yu and M. L. Farrell and W. McKendree and W. Farmerie},
  title = {{ESPRIT}: estimating species richness using large collections of 16S {rRNA} pyrosequences},
  journal = {Nucleic Acids Research}
}

@article{Sun2011,
  doi = {10.1093/bib/bbr009},
  url = {http://dx.doi.org/10.1093/bib/bbr009},
  year  = {2011},
  month = {apr},
  publisher = {Oxford University Press ({OUP})},
  volume = {13},
  number = {1},
  pages = {107--121},
  author = {Y. Sun and Y. Cai and S. M. Huse and R. Knight and W. G. Farmerie and X. Wang and V. Mai},
  title = {A large-scale benchmark study of existing algorithms for taxonomy-independent microbial community analysis},
  journal = {Briefings in Bioinformatics}
}

@article{Wang2007,
  doi = {10.1128/aem.00062-07},
  url = {http://dx.doi.org/10.1128/AEM.00062-07},
  year  = {2007},
  month = {jun},
  publisher = {American Society for Microbiology},
  volume = {73},
  number = {16},
  pages = {5261--5267},
  author = {Q. Wang and G. M. Garrity and J. M. Tiedje and J. R. Cole},
  title = {Naive Bayesian Classifier for Rapid Assignment of {rRNA} Sequences into the New Bacterial Taxonomy},
  journal = {Applied and Environmental Microbiology}
}

@article{Westcott2015,
  doi = {10.7717/peerj.1487},
  url = {http://dx.doi.org/10.7717/peerj.1487},
  year  = {2015},
  month = {dec},
  publisher = {{PeerJ}},
  volume = {3},
  pages = {e1487},
  author = {Sarah L. Westcott and Patrick D. Schloss},
  title = {De novo clustering methods outperform reference-based methods for assigning 16S {rRNA} gene sequences to operational taxonomic units},
  journal = {{PeerJ}}
}


@article{White2010,
  doi = {10.1186/1471-2105-11-152},
  url = {http://dx.doi.org/10.1186/1471-2105-11-152},
  year  = {2010},
  publisher = {Springer Science $\mathplus$ Business Media},
  volume = {11},
  number = {1},
  pages = {152},
  author = {James R White and Saket Navlakha and Niranjan Nagarajan and Mohammad-Reza Ghodsi and Carl Kingsford and Mihai Pop},
  title = {Alignment and clustering of phylogenetic markers - implications for microbial diversity studies},
  journal = {{BMC} Bioinformatics}
}

@misc{winter2015rentrez,
  author = {Winter, David and Chamberlain, Scott and Guangchun, Han},
  title = {Rentrez 1.0.0},
  month = sep,
  year = 2015,
  doi = {10.5281/zenodo.32420},
  url = {http://dx.doi.org/10.5281/zenodo.32420}
}

@Book{xie2013dynamic,
  title = {Dynamic Documents with {R} and knitr},
  author = {Yihui Xie},
  publisher = {Chapman and Hall/CRC},
  address = {Boca Raton, Florida},
  year = {2013},
  note = {ISBN 978-1482203530},
  url = {http://yihui.name/knitr/},
}

@article{Zackular2015,
  doi = {10.1128/mSphere.00001-15},
  url = {http://dx.doi.org/10.1128/mSphere.00001-15},
  year  = {2015},
  month = {nov},
  publisher = {American Society for Microbiology},
  volume = {1},
  number = {1},
  pages = {e00001-15},
  author = {Joseph P. Zackular and Niel T. Baxter and Grace Y. Chen and Patrick D. Schloss},
  title = { Manipulation of the gut microbiota reveals role in colon tumorigenesis },
  journal = {{mSphere}}
}
